% This file was created with JabRef 2.10.
% Encoding: Cp1252


@Article{Zhang2015,
  Title                    = {Delving Deep into Rectifiers: Surpassing Human-Level Performance on
 ImageNet Classification},
  Author                   = {Kaiming He and
 Xiangyu Zhang and
 Shaoqing Ren and
 Jian Sun},
  Journal                  = {CoRR},
  Year                     = {2015},
  Volume                   = {abs/1502.01852},

  Bibsource                = {dblp computer science bibliography, http://dblp.org},
  Biburl                   = {http://dblp.uni-trier.de/rec/bib/journals/corr/HeZR015},
  Timestamp                = {Wed, 07 Jun 2017 14:41:19 +0200},
  Url                      = {http://arxiv.org/abs/1502.01852}
}

