% This file was created with JabRef 2.10.
% Encoding: Cp1252


@Article{Ando2010,
  Title                    = {Functional calculus with operator-monotone functions},
  Author                   = {Ando, Tsuyoshi},
  Journal                  = {Math. Inequal. Appl.},
  Year                     = {2010},
  Number                   = {2},
  Pages                    = {227--234},
  Volume                   = {13},

  Doi                      = {10.7153/mia-13-18},
  Fjournal                 = {Mathematical Inequalities \& Applications},
  ISSN                     = {1331-4343},
  Mrclass                  = {47A60 (47A64)},
  Mrnumber                 = {2662014 (2011d:47041)},
  Mrreviewer               = {Gustavo Corach},
  Owner                    = {bdriver},
  Timestamp                = {2015.07.22},
  Url                      = {http://dx.doi.org/10.7153/mia-13-18}
}

@Article{Ando1987,
  Title                    = {On some operator inequalities},
  Author                   = {Ando, T.},
  Journal                  = {Math. Ann.},
  Year                     = {1987},
  Number                   = {1},
  Pages                    = {157--159},
  Volume                   = {279},

  Coden                    = {MAANA},
  Doi                      = {10.1007/BF01456197},
  Fjournal                 = {Mathematische Annalen},
  ISSN                     = {0025-5831},
  Mrclass                  = {47A60},
  Mrnumber                 = {912844 (89c:47019)},
  Mrreviewer               = {Chandler Davis},
  Owner                    = {bdriver},
  Timestamp                = {2015.07.22},
  Url                      = {http://dx.doi.org/10.1007/BF01456197}
}

@Book{Ando1978,
  Title                    = {Topics on operator inequalities},
  Author                   = {Ando, T.},
  Publisher                = {Division of Applied Mathematics, Research Institute of Applied Electricity, Hokkaido University, Sapporo},
  Year                     = {1978},

  Mrclass                  = {47B99 (47A60)},
  Mrnumber                 = {0482378 (58 \#2451)},
  Mrreviewer               = {Chandler Davis},
  Owner                    = {bdriver},
  Pages                    = {ii+44},
  Timestamp                = {2015.07.22}
}

@Article{Ando1987a,
  Title                    = {The geometric mean, operator inequalities, and the {W}heatstone bridge},
  Author                   = {Ando, T. and Bunce, John W.},
  Journal                  = {Linear Algebra Appl.},
  Year                     = {1987},
  Pages                    = {77--91},
  Volume                   = {97},

  Coden                    = {LAAPAW},
  Doi                      = {10.1016/0024-3795(87)90141-8},
  Fjournal                 = {Linear Algebra and its Applications},
  ISSN                     = {0024-3795},
  Mrclass                  = {47A62 (47B55 47D20 94C05)},
  Mrnumber                 = {916783 (89a:47022)},
  Mrreviewer               = {George E. Trapp},
  Owner                    = {bdriver},
  Timestamp                = {2015.07.22},
  Url                      = {http://dx.doi.org/10.1016/0024-3795(87)90141-8}
}

@Article{Ando2011,
  Title                    = {Operator log-convex functions and operator means},
  Author                   = {Ando, Tsuyoshi and Hiai, Fumio},
  Journal                  = {Math. Ann.},
  Year                     = {2011},
  Number                   = {3},
  Pages                    = {611--630},
  Volume                   = {350},

  Coden                    = {MAANA},
  Doi                      = {10.1007/s00208-010-0577-4},
  Fjournal                 = {Mathematische Annalen},
  ISSN                     = {0025-5831},
  Mrclass                  = {47A63 (15A45 47A64)},
  Mrnumber                 = {2805638 (2012d:47048)},
  Owner                    = {bdriver},
  Timestamp                = {2015.07.22},
  Url                      = {http://dx.doi.org/10.1007/s00208-010-0577-4}
}

@Article{Ando1998,
  Title                    = {H\"older type inequalities for matrices},
  Author                   = {Ando, Tsuyoshi and Hiai, Fumio},
  Journal                  = {Math. Inequal. Appl.},
  Year                     = {1998},
  Number                   = {1},
  Pages                    = {1--30},
  Volume                   = {1},

  Doi                      = {10.7153/mia-01-01},
  Fjournal                 = {Mathematical Inequalities \& Applications},
  ISSN                     = {1331-4343},
  Mrclass                  = {15A45 (15A60 47A63)},
  Mrnumber                 = {1492907 (99b:15021)},
  Mrreviewer               = {Linda J. Patton},
  Owner                    = {bdriver},
  Timestamp                = {2015.07.22},
  Url                      = {http://dx.doi.org/10.7153/mia-01-01}
}

@Article{Ando1994,
  Title                    = {Inequality between powers of positive semidefinite matrices},
  Author                   = {Ando, T. and Hiai, F.},
  Journal                  = {Linear Algebra Appl.},
  Year                     = {1994},
  Pages                    = {65--71},
  Volume                   = {208/209},

  Coden                    = {LAAPAW},
  Doi                      = {10.1016/0024-3795(94)90431-6},
  Fjournal                 = {Linear Algebra and its Applications},
  ISSN                     = {0024-3795},
  Mrclass                  = {15A45 (15A42)},
  Mrnumber                 = {1287340 (95k:15023)},
  Mrreviewer               = {R. A. Horn},
  Owner                    = {bdriver},
  Timestamp                = {2015.07.22},
  Url                      = {http://dx.doi.org/10.1016/0024-3795(94)90431-6}
}

@InCollection{Ando1990,
  Title                    = {Inequalities among operator symmetric function means},
  Author                   = {Ando, Tsuyoshi and Kubo, Fumio},
  Booktitle                = {Signal processing, scattering and operator theory, and numerical methods ({A}msterdam, 1989)},
  Publisher                = {Birkh\"auser Boston, Boston, MA},
  Year                     = {1990},
  Pages                    = {535--542},
  Series                   = {Progr. Systems Control Theory},
  Volume                   = {5},

  Mrclass                  = {47A63},
  Mrnumber                 = {1115484 (92m:47035)},
  Mrreviewer               = {Jin-Chuan Hou},
  Owner                    = {bdriver},
  Timestamp                = {2015.07.22}
}

@Article{Ando2004,
  Title                    = {Geometric means},
  Author                   = {Ando, T. and Li, Chi-Kwong and Mathias, Roy},
  Journal                  = {Linear Algebra Appl.},
  Year                     = {2004},
  Pages                    = {305--334},
  Volume                   = {385},

  Coden                    = {LAAPAW},
  Doi                      = {10.1016/j.laa.2003.11.019},
  Fjournal                 = {Linear Algebra and its Applications},
  ISSN                     = {0024-3795},
  Mrclass                  = {47A64 (15A45 15A48 47A63)},
  Mrnumber                 = {2063358 (2005f:47049)},
  Mrreviewer               = {Frank Hansen},
  Owner                    = {bdriver},
  Timestamp                = {2015.07.22},
  Url                      = {http://dx.doi.org/10.1016/j.laa.2003.11.019}
}

@Article{Bhatia1997,
  Title                    = {Erratum: ``{A}n operator inequality and matrix normality'' [{L}inear {A}lgebra {A}ppl.\ {\bf 240} (1996), 105--110; {MR}1387289 (97b:47011)] by {C}. {R}. {J}ohnson and {F}. {Z}hang},
  Author                   = {Bhatia, R.},
  Journal                  = {Linear Algebra Appl.},
  Year                     = {1997},
  Pages                    = {323},
  Volume                   = {260},

  Coden                    = {LAAPAW},
  Fjournal                 = {Linear Algebra and its Applications},
  ISSN                     = {0024-3795},
  Mrclass                  = {47A63 (15A60)},
  Mrnumber                 = {1448363 (98d:47045)},
  Owner                    = {bdriver},
  Timestamp                = {2015.07.22},
  Url                      = {http://www.sciencedirect.com/science?_ob=GatewayURL&_origin=MR&_method=citationSearch&_piikey=S0024379597833393&_version=1&md5=0312d46fc64b2b347d4c243ee8c7b166}
}

@Article{Fujii2010,
  Title                    = {Furuta inequality and its related topics},
  Author                   = {Fujii, Masatoshi},
  Journal                  = {Ann. Funct. Anal.},
  Year                     = {2010},
  Number                   = {2},
  Pages                    = {28--45},
  Volume                   = {1},

  Doi                      = {10.15352/afa/1399900585},
  Fjournal                 = {Annals of Functional Analysis},
  ISSN                     = {2008-8752},
  Mrclass                  = {47A63 (47A64)},
  Mrnumber                 = {2772036 (2011m:47039)},
  Owner                    = {bdriver},
  Timestamp                = {2015.07.22},
  Url                      = {http://dx.doi.org/10.15352/afa/1399900585}
}

@Book{Fujii2012,
  Title                    = {Recent developments of {M}ond-{P}e\v cari\'c method in operator inequalities},
  Author                   = {Fujii, Masatoshi and Mi{\'c}i{\'c} Hot, Jadranka and Pe{\v{c}}ari{\'c}, Josip and Seo, Yuki},
  Publisher                = {ELEMENT, Zagreb},
  Year                     = {2012},
  Note                     = {Inequalities for bounded selfadjoint operators on a Hilbert space. II},
  Series                   = {Monographs in Inequalities},
  Volume                   = {4},

  ISBN                     = {978-953-197-575-9},
  Mrclass                  = {47-02 (47A63)},
  Mrnumber                 = {3026788},
  Mrreviewer               = {Khristo N. Boyadzhiev},
  Owner                    = {bdriver},
  Pages                    = {xx+332},
  Timestamp                = {2015.07.22}
}

@Article{Fujii2005,
  Title                    = {Reverse inequalities of {A}raki, {C}ordes and {L}\"owner-{H}einz inequalities},
  Author                   = {Fujii, Masatoshi and Seo, Yuki},
  Journal                  = {Nihonkai Math. J.},
  Year                     = {2005},
  Number                   = {2},
  Pages                    = {145--154},
  Volume                   = {16},

  Fjournal                 = {Nihonkai Mathematical Journal},
  ISSN                     = {1341-9951},
  Mrclass                  = {47A63 (47A30)},
  Mrnumber                 = {2217555 (2006k:47036)},
  Owner                    = {bdriver},
  Timestamp                = {2015.07.22}
}

@Article{Geyer,
  Title                    = {Markov Chain Monte Carlo Lecture Notes},
  Author                   = {Charles J Geyer},
  Journal                  = {http://www.stat.umn.edu/geyer/f05/8931/n1998.pdf},
  Year                     = {2005},

  Owner                    = {AJ},
  Timestamp                = {2017.09.07}
}

@Article{Haase2007,
  Title                    = {Convexity inequalities for positive operators},
  Author                   = {Haase, Markus},
  Journal                  = {Positivity},
  Year                     = {2007},
  Number                   = {1},
  Pages                    = {57--68},
  Volume                   = {11},

  Doi                      = {10.1007/s11117-006-1975-4},
  Fjournal                 = {Positivity. An International Mathematics Journal Devoted to Theory and Applications of Positivity},
  ISSN                     = {1385-1292},
  Mrclass                  = {39B62 (26D10 39B72 47A63 47B65)},
  Mrnumber                 = {2297322 (2008d:39034)},
  Mrreviewer               = {B. Choczewski},
  Owner                    = {bdriver},
  Timestamp                = {2015.07.22},
  Url                      = {http://dx.doi.org/10.1007/s11117-006-1975-4}
}

@InCollection{Heinz1955,
  Title                    = {On an inequality for linear operators in a {H}ilbert space},
  Author                   = {Heinz, Erhard},
  Booktitle                = {Report of an international conference on operator theory and group representations, {A}rden {H}ouse, {H}arriman, {N}. {Y}., 1955},
  Publisher                = {National Academy of Sciences-National Research Council, Washington, D. C.},
  Year                     = {1955},
  Pages                    = {27--29},
  Series                   = {Publ. 387},

  Mrclass                  = {44.0X},
  Mrnumber                 = {0079139 (18,35b)},
  Mrreviewer               = {Franti{\v{s}}ek Wolf},
  Owner                    = {bdriver},
  Timestamp                = {2015.07.22}
}

@Article{Heinz1951,
  Title                    = {Beitr\"age zur {S}t\"orungstheorie der {S}pektralzerlegung},
  Author                   = {Heinz, Erhard},
  Journal                  = {Math. Ann.},
  Year                     = {1951},
  Pages                    = {415--438},
  Volume                   = {123},

  Fjournal                 = {Mathematische Annalen},
  ISSN                     = {0025-5831},
  Mrclass                  = {46.3X},
  Mrnumber                 = {0044747 (13,471f)},
  Mrreviewer               = {F. H. Brownell},
  Owner                    = {bdriver},
  Timestamp                = {2015.07.22}
}

@Article{Heinz1951a,
  Title                    = {Zur {T}heorie der {H}ermiteschen {O}peratoren des {H}ilbertschen {R}aumes},
  Author                   = {Heinz, Erhard},
  Journal                  = {Nachr. Akad. Wiss. G\"ottingen. Math.-Phys. Kl. IIa. Math.-Phys.-Chem.},
  Year                     = {1951},
  Number                   = {2},
  Pages                    = {4},
  Volume                   = {1951},

  ISSN                     = {0065-5295},
  Mrclass                  = {46.0X},
  Mrnumber                 = {0045311 (13,563c)},
  Mrreviewer               = {F. J. Murray},
  Owner                    = {bdriver},
  Timestamp                = {2015.07.22}
}

@Article{Heinz1950,
  Title                    = {Zur {F}rage der {D}ifferenzierbarkeit der {$S$}-{F}unktion},
  Author                   = {Heinz, Erhard},
  Journal                  = {Math. Ann.},
  Year                     = {1950},
  Pages                    = {332--333},
  Volume                   = {122},

  Fjournal                 = {Mathematische Annalen},
  ISSN                     = {0025-5831},
  Mrclass                  = {36.0X},
  Mrnumber                 = {0042018 (13,39c)},
  Mrreviewer               = {E. A. Coddington},
  Owner                    = {bdriver},
  Timestamp                = {2015.07.22}
}

@Article{Johnson1996,
  Title                    = {An operator inequality and matrix normality},
  Author                   = {Johnson, Charles R. and Zhang, Fuzhen},
  Journal                  = {Linear Algebra Appl.},
  Year                     = {1996},
  Pages                    = {105--110},
  Volume                   = {240},

  Coden                    = {LAAPAW},
  Doi                      = {10.1016/0024-3795(94)00189-8},
  Fjournal                 = {Linear Algebra and its Applications},
  ISSN                     = {0024-3795},
  Mrclass                  = {47A63 (15A60)},
  Mrnumber                 = {1387289 (97b:47011)},
  Owner                    = {bdriver},
  Timestamp                = {2015.07.22},
  Url                      = {http://dx.doi.org/10.1016/0024-3795(94)00189-8}
}

@Article{Kato1952,
  Title                    = {Notes on some inequalities for linear operators},
  Author                   = {Kato, Tosio},
  Journal                  = {Math. Ann.},
  Year                     = {1952},
  Pages                    = {208--212},
  Volume                   = {125},

  Fjournal                 = {Mathematische Annalen},
  ISSN                     = {0025-5831},
  Mrclass                  = {46.3X},
  Mrnumber                 = {0053390 (14,766e)},
  Mrreviewer               = {Franti{\v{s}}ek Wolf},
  Owner                    = {bdriver},
  Timestamp                = {2015.07.22}
}

@Article{Lowner1934,
  Title                    = {\"{U}ber monotone {M}atrixfunktionen},
  Author                   = {L{\"o}wner, Karl},
  Journal                  = {Math. Z.},
  Year                     = {1934},
  Number                   = {1},
  Pages                    = {177--216},
  Volume                   = {38},

  Coden                    = {MAZEAX},
  Doi                      = {10.1007/BF01170633},
  Fjournal                 = {Mathematische Zeitschrift},
  ISSN                     = {0025-5874},
  Mrclass                  = {Contributed Item},
  Mrnumber                 = {1545446},
  Owner                    = {bdriver},
  Timestamp                = {2015.07.22},
  Url                      = {http://dx.doi.org/10.1007/BF01170633}
}

@Article{Lanlan2012,
  Title                    = {Matrix operator inequalities based on {M}ond, {P}ecaric, {J}ensen and {A}ndo's},
  Author                   = {Lanlan, Xue and Junliang, Wu},
  Journal                  = {J. Inequal. Appl.},
  Year                     = {2012},
  Pages                    = {2012:148, 13},

  Doi                      = {10.1186/1029-242X-2012-148},
  Fjournal                 = {Journal of Inequalities and Applications},
  ISSN                     = {1029-242X},
  Mrclass                  = {26D10 (15A60)},
  Mrnumber                 = {2954535},
  Owner                    = {bdriver},
  Timestamp                = {2015.07.22},
  Url                      = {http://dx.doi.org/10.1186/1029-242X-2012-148}
}

@Article{Lee,
  Title                    = {Markov Chains on Continuous State Space},
  Author                   = {Stephen Sauchi Lee},
  Note                     = {http://www.webpages.uidaho.edu/~stevel/565/lectures/5d%20MCMC.pdf},

  Owner                    = {AJ},
  Timestamp                = {2017.09.07}
}

@Article{Loring2012,
  Title                    = {From matrix to operator inequalities},
  Author                   = {Loring, Terry A.},
  Journal                  = {Canad. Math. Bull.},
  Year                     = {2012},
  Number                   = {2},
  Pages                    = {339--350},
  Volume                   = {55},

  Coden                    = {CMBUA3},
  Doi                      = {10.4153/CMB-2011-063-8},
  Fjournal                 = {Canadian Mathematical Bulletin. Bulletin Canadien de Math\'ematiques},
  ISSN                     = {0008-4395},
  Mrclass                  = {46L05 (47A30)},
  Mrnumber                 = {2957250},
  Mrreviewer               = {Douglas R. Farenick},
  Owner                    = {bdriver},
  Timestamp                = {2015.07.22},
  Url                      = {http://dx.doi.org/10.4153/CMB-2011-063-8}
}

@Book{Pevcaric2005,
  Title                    = {Mond-{P}e\v cari\'c method in operator inequalities},
  Author                   = {Pe{\v{c}}ari{\'c}, Josip and Furuta, Takayuki and Mi{\'c}i{\'c} Hot, Jadranka and Seo, Yuki},
  Publisher                = {ELEMENT, Zagreb},
  Year                     = {2005},
  Note                     = {Inequalities for bounded selfadjoint operators on a Hilbert space},
  Series                   = {Monographs in Inequalities},
  Volume                   = {1},

  ISBN                     = {953-197-572-8},
  Mrclass                  = {47A63 (47-02)},
  Mrnumber                 = {3026316},
  Mrreviewer               = {Khristo N. Boyadzhiev},
  Owner                    = {bdriver},
  Pages                    = {xiv+262 pp.+loose errata},
  Timestamp                = {2015.07.22}
}

@Article{Pedersen1972,
  Title                    = {Some operator monotone functions},
  Author                   = {Pedersen, Gert K.},
  Journal                  = {Proc. Amer. Math. Soc.},
  Year                     = {1972},
  Pages                    = {309--310},
  Volume                   = {36},

  Fjournal                 = {Proceedings of the American Mathematical Society},
  ISSN                     = {0002-9939},
  Mrclass                  = {47B15},
  Mrnumber                 = {0306957 (46 \#6078)},
  Mrreviewer               = {D. A. Herrero},
  Owner                    = {bdriver},
  Timestamp                = {2015.07.22}
}

@Article{Rellich1951,
  Title                    = {Halbbeschr\"ankte gew\"ohnliche {D}ifferentialoperatoren zweiter {O}rdnung},
  Author                   = {Rellich, Franz},
  Journal                  = {Math. Ann.},
  Year                     = {1951},
  Pages                    = {343--368},
  Volume                   = {122},

  Fjournal                 = {Mathematische Annalen},
  ISSN                     = {0025-5831},
  Mrclass                  = {36.0X},
  Mrnumber                 = {0043316 (13,240g)},
  Mrreviewer               = {W. T. Reid},
  Owner                    = {bdriver},
  Timestamp                = {2015.07.24}
}

@Book{Schmudgen2012,
  Title                    = {Unbounded self-adjoint operators on {H}ilbert space},
  Author                   = {Schm{\"u}dgen, Konrad},
  Publisher                = {Springer, Dordrecht},
  Year                     = {2012},
  Series                   = {Graduate Texts in Mathematics},
  Volume                   = {265},

  Doi                      = {10.1007/978-94-007-4753-1},
  ISBN                     = {978-94-007-4752-4},
  Mrclass                  = {47-01 (47B25 47E05)},
  Mrnumber                 = {2953553},
  Mrreviewer               = {G. V. Rozenblum},
  Owner                    = {bdriver},
  Pages                    = {xx+432},
  Timestamp                = {2015.07.24},
  Url                      = {http://dx.doi.org/10.1007/978-94-007-4753-1}
}

@Article{Uchiyama2002,
  Title                    = {Mixed matrix (operator) inequalities},
  Author                   = {Uchiyama, Mitsuru},
  Journal                  = {Linear Algebra Appl.},
  Year                     = {2002},
  Note                     = {Special issue dedicated to Professor T. Ando},
  Pages                    = {249--257},
  Volume                   = {341},

  Coden                    = {LAAPAW},
  Doi                      = {10.1016/S0024-3795(01)00380-9},
  Fjournal                 = {Linear Algebra and its Applications},
  ISSN                     = {0024-3795},
  Mrclass                  = {47A63 (15A45)},
  Mrnumber                 = {1873623 (2002k:47043)},
  Owner                    = {bdriver},
  Timestamp                = {2015.07.22},
  Url                      = {http://dx.doi.org/10.1016/S0024-3795(01)00380-9}
}

@Article{Yamazaki2000,
  Title                    = {Recent topics on operator inequalities},
  Author                   = {Yamazaki, Takeaki},
  Journal                  = {Sci. Rep. Res. Inst. Engrg. Kanagawa Univ.},
  Year                     = {2000},
  Number                   = {23},
  Pages                    = {122--130},

  Fjournal                 = {Kanagawa University. Research Institute for Engineering. Science Reports},
  ISSN                     = {0387-0324},
  Mrclass                  = {47A63 (47B20)},
  Mrnumber                 = {1793511},
  Owner                    = {bdriver},
  Timestamp                = {2015.07.22}
}

